@article{rubinstein2004detailed,
  title={A detailed multi-body model for dynamic simulation of off-road tracked vehicles},
  author={Rubinstein, D and Hitron, R},
  journal={Journal of Terramechanics},
  volume={41},
  number={2},
  pages={163--173},
  year={2004},
  publisher={Elsevier}
}

@inproceedings{low2011dynamic,
  title={A dynamic virtual structure formation control for fixed-wing UAVs},
  author={Low, Chang Boon},
  booktitle={2011 9th IEEE International Conference on Control and Automation (ICCA)},
  pages={627--632},
  year={2011},
  organization={IEEE}
}

@inproceedings{low2015flexible,
  title={A flexible leader-follower formation tracking control design for nonholonomic tracked mobile robots with low-level velocities control systems},
  author={Low, Chang Boon},
  booktitle={2015 IEEE 18th International Conference on Intelligent Transportation Systems},
  pages={2424--2431},
  year={2015},
  organization={IEEE}
}

@article{murakami1992mathematical,
  title={A mathematical model for spatial motion of tracked vehicles on soft ground},
  author={Murakami, H and Watanabe, K and Kitano, M},
  journal={Journal of terramechanics},
  volume={29},
  number={1},
  pages={71--81},
  year={1992},
  publisher={Elsevier}
}

@article{maclaurin2011skid,
  title={A skid steering model using the Magic Formula},
  author={Maclaurin, Bruce},
  journal={Journal of Terramechanics},
  volume={48},
  number={4},
  pages={247--263},
  year={2011},
  publisher={Elsevier}
}

@article{maclaurin2007skid,
  title={A skid steering model with track pad flexibility},
  author={Maclaurin, Bruce},
  journal={Journal of Terramechanics},
  volume={44},
  number={1},
  pages={95--110},
  year={2007},
  publisher={Elsevier}
}

@article{kitano1976theoretical,
  title={A theoretical analysis of steerability of tracked vehicles},
  author={Kitano, M and Jyozaki, H},
  journal={Journal of Terramechanics},
  volume={13},
  number={4},
  pages={241--258},
  year={1976},
  publisher={Elsevier}
}

@article{kitano1977analysis,
  title={An analysis of horizontal plane motion of tracked vehicles},
  author={Kitano, M and Kuma, M},
  journal={Journal of Terramechanics},
  volume={14},
  number={4},
  pages={211--225},
  year={1977},
  publisher={Elsevier}
}

@article{buactuaucs2011automotive,
  title={Automotive clutch models for real time simulation},
  author={B{\u{a}}{\c{t}}{\u{a}}u{\c{s}}, Marius and Maciac, Andrei and Oprean, Mircea and Vasiliu, Nicolae},
  journal={Proceedings of the Romanian Academy, Series A: Mathematics, Physics, Technical Sciences, Information Science},
  year={2011}
}

@techreport{alexander1987caterpillar,
  title={Caterpillar's New D8N Tractor with Differential Steering},
  author={Alexander, George F},
  year={1987},
  institution={SAE Technical Paper}
}

@misc{Caterpillar2002,
    title = {{Challenger MT800 Series}},
    year = {2002},
    author = {{Caterpillar}},
    url = {http://www.miltoncat.com/products/PerformanceHandbook/Handbook/\\Documents/MT800-Prod-Bulletin.pdf}
}

@inproceedings{Al-Milli2007,
    title = {{Dynamic analysis and traversability prediction of tracked vehicles on soft terrain}},
    year = {2007},
    booktitle = {2007 IEEE International Conference on Networking, Sensing and Control, ICNSC'07},
    author = {Al-Milli, Said and Althoefer, Kaspar and Seneviratne, Lakmal D.},
    number = {April},
    pages = {279--284},
}

@techreport{kotwicki1982dynamic,
  title={Dynamic models for torque converter equipped vehicles},
  author={Kotwicki, Allan J},
  year={1982},
  institution={SAE Technical Paper}
}

@inproceedings{Cook2016,
    title = {{Dynamics Model for Mobility Optimization and Control of Off- Road Tractor Convoys}},
    year = {2016},
    booktitle = {Proceedings of the 2016 American Control Conference},
    author = {Cook, Joshua T and Ray, Laura E and Lever, James H}
}

@article{Ginsberg2008,
    title = {{Engineering Dynamics}},
    year = {2008},
    journal = {Cambridge University press},
    author = {Ginsberg, Jerry},
    pages = {726},
    volume = {1},
}


@misc{MathWorks2015GenericEngine,
    title = {{Generic Engine}},
    year = {2015},
    author = {{MathWorks}},
    url = {http://www.mathworks.com/help/physmod/sdl/ref/genericengine.html}
}

@misc{MathWorks2015PressureReliefValve,
    title = {{Pressure Relief Valve}},
    year = {2015},
    author = {{MathWorks}},
    url = {http://www.mathworks.com/help/physmod/hydro/ref/pressurereliefvalve.html}
}

@article{lever2012high,
  title={High efficiency fuel sleds for polar traverses},
  author={Lever, James H and Weale, Jason C},
  journal={Journal of Terramechanics},
  volume={49},
  number={3},
  pages={207--213},
  year={2012},
  publisher={Elsevier}
}

@misc{MathWorks2015a,
    title = {{Hydraulic Motor}},
    year = {2015},
    author = {{MathWorks}},
    url = {http://www.mathworks.com/help/physmod/hydro/ref/hydraulicmotor.html}
}

@article{Manring2016,
    title = {{Mapping the Efficiency for a Hydrostatic Transmission}},
    year = {2016},
    journal = {Journal of Dynamic Systems, Measurement, and Control},
    author = {Manring, Noah D.},
    number = {3},
    pages = {031004},
    volume = {138},
}

@inproceedings{zhang2009method,
  title={Method for an electronic controlled platooning system of agricultural vehicles},
  author={Zhang, Xi and Geimer, Marcus and Grandl, Ludwig and Kammerbauer, Bernd},
  booktitle={Vehicular Electronics and Safety (ICVES), 2009 IEEE International Conference on},
  pages={156--161},
  year={2009},
  organization={IEEE}
}


@article{manring1998modeling,
  title={Modeling and designing a hydrostatic transmission with a fixed-displacement motor},
  author={Manring, ND and Luecke, Greg R},
  journal={Journal of dynamic systems, measurement, and control},
  volume={120},
  number={1},
  pages={45--49},
  year={1998},
  publisher={American Society of Mechanical Engineers}
}

@techreport{deur2005modeling,
  title={Modeling of wet clutch engagement including a thorough experimental validation},
  author={Deur, Josko and Petric, Josko and Asgari, Jahan and Hrovat, Davor},
  year={2005},
  institution={SAE Technical Paper}
}

@article{ferretti1999modelling,
  title={Modelling and simulation of an agricultural tracked vehicle},
  author={Ferretti, Gianni and Girelli, Roberto},
  journal={Journal of Terramechanics},
  volume={36},
  number={3},
  pages={139--158},
  year={1999},
  publisher={Elsevier}
}

@article{barfoot2004motion,
  title={Motion planning for formations of mobile robots},
  author={Barfoot, Tim D and Clark, Christopher M},
  journal={Robotics and Autonomous Systems},
  volume={46},
  number={2},
  pages={65--78},
  year={2004},
  publisher={Elsevier}
}

@techreport{eiyo1984study,
  title={Study on controllability and stability of high speed tracked vehicles},
  author={Eiyo, F and Kitano, M},
  year={1984},
  institution={DTIC Document}
}

@book{Wong2008,
    title = {{Theory of Ground Vehicles}},
    year = {2008},
    author = {Wong, J.Y.},
    edition = {1st {\&} 4th},
    publisher = {John Wiley {\&} Sons}
}

@misc{MathWorks2015bb,
    title = {{Variable-Displacement Pressure-Compensated Pump}},
    year = {2015},
    author = {{MathWorks}},
    url = {http://www.mathworks.com/help/physmod/hydro/ref/variabledisplacementpressurecompensatedpump.html}
}

@book{Rajamani2006,
    title = {{Vehicle Dynamics and Control}},
    year = {2006},
    author = {Rajamani, Rajesh},
    edition = {2nd},
    pages = {470},
    publisher = {Springer},
    address = {New York},
}

@techreport{kang2007vehicle,
  title={Vehicle-Trailer Handling Dynamics and Stability Control - an Engineering Review},
  author={Kang, Xiaodi and Deng, Weiwen},
  year={2007},
  institution={SAE Technical Paper}
}


@inproceedings{le1997estimation,
  title={Estimation of track-soil interactions for autonomous tracked vehicles},
  author={Le, Anh Tuan and Rye, David C and Durrant-Whyte, Hugh F},
  booktitle={Robotics and Automation, 1997. Proceedings., 1997 IEEE International Conference on},
  volume={2},
  pages={1388--1393},
  year={1997},
  organization={IEEE}
}

@techreport{lever2004mobility,
  title={Mobility of cargo trains during year two of the Proof-of-Concept South Pole Traverse},
  author={Lever, JH and Weale, JC and Alger, RG and Blaisdell, GL},
  year={2004},
  institution={DTIC Document}
}

@inproceedings{ahmad2000path,
  title={Path tracking control of tracked vehicles},
  author={Ahmad, M and Polotski, Vladimir and Hurteau, Richard},
  booktitle={Robotics and Automation, 2000. Proceedings. ICRA'00. IEEE International Conference on},
  volume={3},
  pages={2938--2943},
  year={2000},
  organization={IEEE}
}

@article{sanders1982three,
  title={A three-dimensional dynamic analysis of a towed system},
  author={Sanders, Joel V},
  journal={Ocean engineering},
  volume={9},
  number={5},
  pages={483--499},
  year={1982},
  publisher={Elsevier}
}

@article{kamman2001multibody,
  title={Multibody dynamics modeling of variable length cable systems},
  author={Kamman, James W and Huston, Ronald L},
  journal={Multibody System Dynamics},
  volume={5},
  number={3},
  pages={211--221},
  year={2001},
  publisher={Springer}
}

@article{kamman1999modeling,
  title={Modeling of variable length towed and tethered cable systems},
  author={Kamman, James W and Huston, Ronald L},
  journal={Journal of Guidance, Control, and Dynamics},
  volume={22},
  number={4},
  pages={602--608},
  year={1999}
}

@article{milinazzo1987efficient,
  title={An efficient algorithm for simulating the dynamics of towed cable systems},
  author={Milinazzo, F and Wilkie, M and Latchman, SA},
  journal={Ocean Engineering},
  volume={14},
  number={6},
  pages={513--526},
  year={1987},
  publisher={Elsevier}
}

@inproceedings{low2014flexible,
  title={A flexible virtual structure formation keeping control design for nonholonomic mobile robots with low-level control systems, with experiments},
  author={Low, Chang Boon},
  booktitle={2014 IEEE International Symposium on Intelligent Control (ISIC)},
  pages={1576--1582},
  year={2014},
  organization={IEEE}
}

@article{iagnemma2004online,
  title={Online terrain parameter estimation for wheeled mobile robots with application to planetary rovers},
  author={Iagnemma, Karl and Kang, Shinwoo and Shibly, Hassan and Dubowsky, Steven},
  journal={IEEE Transactions on Robotics},
  volume={20},
  number={5},
  pages={921--927},
  year={2004},
  publisher={IEEE}
}

@article{hutangkabodee2006soil,
  title={Soil parameter identification for wheel-terrain interaction dynamics and traversability prediction},
  author={Hutangkabodee, Suksun and Zweiri, Yahya Hashem and Seneviratne, Lakmal Dasarath and Althoefer, Kaspar},
  journal={International Journal of Automation and Computing},
  volume={3},
  number={3},
  pages={244--251},
  year={2006},
  publisher={Springer}
}

@article{ojeda2006terrain,
  title={Terrain characterization and classification with a mobile robot},
  author={Ojeda, Lauro and Borenstein, Johann and Witus, Gary and Karlsen, Robert},
  journal={Journal of Field Robotics},
  volume={23},
  number={2},
  pages={103--122},
  year={2006},
  publisher={Wiley Online Library}
}

@article{ray2009estimationTerrainForcesParameters,
  title={Estimation of terrain forces and parameters for rigid-wheeled vehicles},
  author={Ray, Laura E},
  journal={IEEE Transactions on Robotics},
  volume={25},
  number={3},
  pages={717--726},
  year={2009},
  publisher={IEEE}
}

@article{ray2009estimationNetTraction,
  title={Estimation of net traction for differential-steered wheeled robots},
  author={Ray, Laura R and Brande, Devin C and Lever, James H},
  journal={Journal of Terramechanics},
  volume={46},
  number={3},
  pages={75--87},
  year={2009},
  publisher={Elsevier}
}

@book{Bekker1969,
  author    = {Bekker, MG}, 
  title     = {Introduction to terrain–vehicle systems},
  publisher = {Univeristy of Michigran Press},
  year      = 1969,
  address   = {Ann Arbor, MI},
}

@book{Bekker1956,
  author    = {Bekker, MG}, 
  title     = {Theory of land locomotion},
  publisher = {Univeristy of Michigran Press},
  year      = 1956,
  address   = {Ann Arbor, MI},
}

@article{reece1965principles,
  title={Principles of soil-vehicle mechanics},
  author={Reece, AR},
  journal={Proceedings of the Institution of Mechanical Engineers: Automobile Division},
  volume={180},
  number={1},
  pages={45--66},
  year={1965},
  publisher={SAGE Publications Sage UK: London, England}
}

@techreport{reece1964problems,
  title={Problems of soil vehicle mechanics},
  author={Reece, Alan R},
  year={1964},
  institution={DTIC Document}
}
@article{zhou2014simulations,
  title={Simulations of Mars rover traverses},
  author={Zhou, Feng and Arvidson, Raymond E and Bennett, Keith and Trease, Brian and Lindemann, Randel and Bellutta, Paolo and Iagnemma, Karl and Senatore, Carmine},
  journal={Journal of Field Robotics},
  volume={31},
  number={1},
  pages={141--160},
  year={2014},
  publisher={Wiley Online Library}
}

@article{lyasko2010slip,
  title={Slip sinkage effect in soil--vehicle mechanics},
  author={Lyasko, Modest},
  journal={Journal of Terramechanics},
  volume={47},
  number={1},
  pages={21--31},
  year={2010},
  publisher={Elsevier}
}

@book{juang2001identification,
  title={Identification and control of mechanical systems},
  author={Juang, Jer-Nan and Phan, Minh Q},
  year={2001},
  publisher={Cambridge University Press}
}

@book{stengel2012optimal,
  title={Optimal control and estimation},
  author={Stengel, Robert F},
  year={2012},
  publisher={Courier Corporation}
}

@book{simon2006optimal,
  title={Optimal state estimation: Kalman, H infinity, and nonlinear approaches},
  author={Simon, Dan},
  year={2006},
  publisher={John Wiley \& Sons}
}

@article{lever2006solar,
  title={Solar power for an Antarctic rover},
  author={Lever, JH and Ray, LR and Streeter, A and Price, A},
  journal={Hydrological processes},
  volume={20},
  number={4},
  pages={629--644},
  year={2006},
  publisher={Wiley Online Library}
}

@book{wong2009OffRoad,
  title={Terramechanics and off-road vehicle engineering: terrain behaviour, off-road vehicle performance and design},
  author={Wong, Jo Yung},
  year={2009},
  publisher={Butterworth-heinemann}
}

@book{hansen2014fourier,
  title={Fourier Transforms: Principles and Applications},
  author={Hansen, Eric W},
  year={2014},
  publisher={John Wiley \& Sons}
}